@inproceedings{zeiler2014visualizing,
  title={Visualizing and understanding convolutional networks},
  author={Zeiler, Matthew D and Fergus, Rob},
  booktitle={European conference on computer vision},
  pages={818--833},
  year={2014},
  organization={Springer}
}
@article{samek2017evaluating,
  title={Evaluating the visualization of what a deep neural network has learned},
  author={Samek, Wojciech and Binder, Alexander and Montavon, Gr{\'e}goire and Lapuschkin, Sebastian and M{\"u}ller, Klaus-Robert},
  journal={IEEE transactions on neural networks and learning systems},
  volume={28},
  number={11},
  pages={2660--2673},
  year={2017},
  publisher={IEEE}
}
@inproceedings{ribeiro2016lime,
  title={Why should i trust you?: Explaining the predictions of any classifier},
  author={Ribeiro, Marco Tulio and Singh, Sameer and Guestrin, Carlos},
  booktitle={Proceedings of the 22nd ACM SIGKDD International Conference on Knowledge Discovery and Data Mining},
  pages={1135--1144},
  year={2016},
  organization={ACM}
}
@article{sundararajan2017axiomatic,
  title={Axiomatic attribution for deep networks},
  author={Sundararajan, Mukund and Taly, Ankur and Yan, Qiqi},
  journal={arXiv preprint arXiv:1703.01365},
  year={2017}
}
@article{fong2017interpretable,
  title={Interpretable explanations of black boxes by meaningful perturbation},
  author={Fong, Ruth C and Vedaldi, Andrea},
  journal={arXiv preprint arXiv:1704.03296},
  year={2017}
}
@article{zintgraf2017visualizing,
  title={Visualizing deep neural network decisions: Prediction difference analysis},
  author={Zintgraf, Luisa M and Cohen, Taco S and Adel, Tameem and Welling, Max},
  journal={arXiv preprint arXiv:1702.04595},
  year={2017}
}
@inproceedings{alexnet,
  title={Imagenet classification with deep convolutional neural networks},
  author={Krizhevsky, Alex and Sutskever, Ilya and Hinton, Geoffrey E},
  booktitle={Advances in neural information processing systems},
  pages={1097--1105},
  year={2012}
}
@article{vggnet,
  title={Very deep convolutional networks for large-scale image recognition},
  author={Simonyan, Karen and Zisserman, Andrew},
  journal={arXiv preprint arXiv:1409.1556},
  year={2014}
}
@article{transfer-learning-factors,
  title={Factors of transferability for a generic convnet representation},
  author={Azizpour, Hossein and Razavian, Ali Sharif and Sullivan, Josephine and Maki, Atsuto and Carlsson, Stefan},
  journal={IEEE transactions on pattern analysis and machine intelligence},
  volume={38},
  number={9},
  pages={1790--1802},
  year={2016},
  publisher={IEEE}
}
@article{kermany2018identifying,
  title={Identifying Medical Diagnoses and Treatable Diseases by Image-Based Deep Learning},
  author={Kermany, Daniel S and Goldbaum, Michael and Cai, Wenjia and Valentim, Carolina CS and Liang, Huiying and Baxter, Sally L and McKeown, Alex and Yang, Ge and Wu, Xiaokang and Yan, Fangbing and others},
  journal={Cell},
  volume={172},
  number={5},
  pages={1122--1131},
  year={2018},
  publisher={Elsevier}
}
@article{islam2017abnormality,
  title={Abnormality Detection and Localization in Chest X-Rays using Deep Convolutional Neural Networks},
  author={Islam, Mohammad Tariqul and Aowal, Md Abdul and Minhaz, Ahmed Tahseen and Ashraf, Khalid},
  journal={arXiv preprint arXiv:1705.09850},
  year={2017}
}
@article{mohanty2016using,
  title={Using deep learning for image-based plant disease detection},
  author={Mohanty, Sharada P and Hughes, David P and Salath{\'e}, Marcel},
  journal={Frontiers in plant science},
  volume={7},
  pages={1419},
  year={2016},
  publisher={Frontiers}
}
@inproceedings{arbabzadah2016identifying,
  title={Identifying individual facial expressions by deconstructing a neural network},
  author={Arbabzadah, Farhad and Montavon, Gr{\'e}goire and M{\"u}ller, Klaus-Robert and Samek, Wojciech},
  booktitle={German Conference on Pattern Recognition},
  pages={344--354},
  year={2016},
  organization={Springer}
}
@article{wang2017deep,
  title={Deep neural networks are more accurate than humans at detecting sexual orientation from facial images.},
  author={Wang, Yilun and Kosinski, Michal},
  year={2017},
  publisher={PsyArXiv}
}
@article{jung2017deep,
  title={Deep Learning for Medical Image Analysis: Applications to Computed Tomography and Magnetic Resonance Imaging},
  author={Jung, Kyu-Hwan and Park, Hyunho and Hwang, Woochan},
  journal={Hanyang Medical Reviews},
  volume={37},
  number={2},
  pages={61--70},
  year={2017}
}
@article{lecun2015deep,
  title={Deep learning},
  author={LeCun, Yann and Bengio, Yoshua and Hinton, Geoffrey},
  journal={nature},
  volume={521},
  number={7553},
  pages={436},
  year={2015},
  publisher={Nature Publishing Group}
}
@book{goodfellow2016deep,
  title={Deep learning},
  author={Goodfellow, Ian and Bengio, Yoshua and Courville, Aaron and Bengio, Yoshua},
  volume={1},
  year={2016},
  publisher={MIT press Cambridge}
}
