@article{kermany2018identifying,
  title={Identifying Medical Diagnoses and Treatable Diseases by Image-Based Deep Learning},
  author={Kermany, Daniel S and others},
  journal={Cell},
  volume={172},
  number={5},
  pages={1122--1131},
  year={2018},
  publisher={Elsevier}
}