@inproceedings{zeiler2014visualizing,
  title={Visualizing and understanding convolutional networks},
  author={Zeiler, Matthew D and Fergus, Rob},
  booktitle={European conference on computer vision},
  pages={818--833},
  year={2014},
  organization={Springer}
}
@article{samek2017evaluating,
  title={Evaluating the visualization of what a deep neural network has learned},
  author={Samek, Wojciech and others},
  journal={IEEE transactions on neural networks and learning systems},
  volume={28},
  number={11},
  pages={2660--2673},
  year={2017},
  publisher={IEEE}
}
@inproceedings{ribeiro2016lime,
  title={Why should i trust you?: Explaining the predictions of any classifier},
  author={Ribeiro, Marco Tulio and others},
  booktitle={Proceedings of the 22nd ACM SIGKDD International Conference on Knowledge Discovery and Data Mining},
  pages={1135--1144},
  year={2016},
  organization={ACM}
}
@article{sundararajan2017axiomatic,
  title={Axiomatic attribution for deep networks},
  author={Sundararajan, Mukund and others},
  journal={arXiv preprint arXiv:1703.01365},
  year={2017}
}
@article{fong2017interpretable,
  title={Interpretable explanations of black boxes by meaningful perturbation},
  author={Fong, Ruth C and Vedaldi, Andrea},
  journal={arXiv preprint arXiv:1704.03296},
  year={2017}
}
@article{zintgraf2017visualizing,
  title={Visualizing deep neural network decisions: Prediction difference analysis},
  author={Zintgraf, Luisa M and others},
  journal={arXiv preprint arXiv:1702.04595},
  year={2017}
}
@inproceedings{alexnet,
  title={Imagenet classification with deep convolutional neural networks},
  author={Krizhevsky, Alex and others},
  booktitle={Advances in neural information processing systems},
  pages={1097--1105},
  year={2012}
}
@article{vggnet,
  title={Very deep convolutional networks for large-scale image recognition},
  author={Simonyan, Karen and Zisserman, Andrew},
  journal={arXiv preprint arXiv:1409.1556},
  year={2014}
}
@article{transfer-learning-factors,
  title={Factors of transferability for a generic convnet representation},
  author={Azizpour, Hossein and others},
  journal={IEEE transactions on pattern analysis and machine intelligence},
  volume={38},
  number={9},
  pages={1790--1802},
  year={2016},
  publisher={IEEE}
}
@article{kermany2018identifying,
  title={Identifying Medical Diagnoses and Treatable Diseases by Image-Based Deep Learning},
  author={Kermany, Daniel S and others},
  journal={Cell},
  volume={172},
  number={5},
  pages={1122--1131},
  year={2018},
  publisher={Elsevier}
}
@article{islam2017abnormality,
  title={Abnormality Detection and Localization in Chest X-Rays using Deep Convolutional Neural Networks},
  author={Islam, Mohammad Tariqul and others},
  journal={arXiv preprint arXiv:1705.09850},
  year={2017}
}
@article{mohanty2016using,
  title={Using deep learning for image-based plant disease detection},
  author={Mohanty, Sharada P and others},
  journal={Frontiers in plant science},
  volume={7},
  pages={1419},
  year={2016},
  publisher={Frontiers}
}
@inproceedings{arbabzadah2016identifying,
  title={Identifying individual facial expressions by deconstructing a neural network},
  author={Arbabzadah, Farhad and others},
  booktitle={German Conference on Pattern Recognition},
  pages={344--354},
  year={2016},
  organization={Springer}
}
@article{wang2017deep,
  title={Deep neural networks are more accurate than humans at detecting sexual orientation from facial images.},
  author={Wang, Yilun and Kosinski, Michal},
  year={2017},
  publisher={PsyArXiv}
}
@article{jung2017deep,
  title={Deep Learning for Medical Image Analysis: Applications to Computed Tomography and Magnetic Resonance Imaging},
  author={Jung, Kyu-Hwan and others},
  journal={Hanyang Medical Reviews},
  volume={37},
  number={2},
  pages={61--70},
  year={2017}
}
@article{lecun2015deep,
  title={Deep learning},
  author={LeCun, Yann and others},
  journal={nature},
  volume={521},
  number={7553},
  pages={436},
  year={2015},
  publisher={Nature Publishing Group}
}
@book{goodfellow2016deep,
  title={Deep learning},
  author={Goodfellow, Ian and others},
  volume={1},
  year={2016},
  publisher={MIT press Cambridge}
}

@inproceedings{inception,
  title={Rethinking the inception architecture for computer vision},
  author={Szegedy, Christian and others},
  booktitle={Proceedings of the IEEE Conference on Computer Vision and Pattern Recognition},
  pages={2818--2826},
  year={2016}
}

@inproceedings{resnet,
  title={Deep residual learning for image recognition},
  author={He, Kaiming and others},
  booktitle={Proceedings of the IEEE conference on computer vision and pattern recognition},
  pages={770--778},
  year={2016}
}

@article{squeezenet,
  title={SqueezeNet: AlexNet-level accuracy with 50x fewer parameters and< 0.5 MB model size},
  author={Iandola, Forrest N and others},
  journal={arXiv preprint arXiv:1602.07360},
  year={2016}
}

@article{mobilenets,
  title={Mobilenets: Efficient convolutional neural networks for mobile vision applications},
  author={Howard, Andrew G and others},
  journal={arXiv preprint arXiv:1704.04861},
  year={2017}
}

@article{jung2017deep,
  title={Deep Learning for Medical Image Analysis: Applications to Computed Tomography and Magnetic Resonance Imaging},
  author={Jung, Kyu-Hwan and others},
  journal={Hanyang Medical Reviews},
  volume={37},
  number={2},
  pages={61--70},
  year={2017}
}

@article{miller2017explanation,
  title={Explanation in artificial intelligence: Insights from the social sciences},
  author={Miller, Tim},
  journal={arXiv preprint arXiv:1706.07269},
  year={2017}
}

@article{wang2004image,
  title={Image quality assessment: from error visibility to structural similarity},
  author={Wang, Zhou and others},
  journal={IEEE transactions on image processing},
  volume={13},
  number={4},
  pages={600--612},
  year={2004},
  publisher={IEEE}
}
@misc{radiologistshortage,
  title = {Radiologists are often in short supply and overworked â€“ deep learning to the rescue},
  note = {Accessed September 31, 2018},
  howpublished = {\url{https://government.diginomica.com/2017/12/20/radiologists-often-short-supply-overworked-deep-learning-rescue}}
}
@article{imagenet,
  title={Imagenet large scale visual recognition challenge},
  author={Russakovsky, Olga and others},
  journal={International Journal of Computer Vision},
  volume={115},
  number={3},
  pages={211--252},
  year={2015},
  publisher={Springer}
}
@misc{caffemodelzoo,
  title = {Cafee model zoo},
  note = {Accessed September 31, 2018},
  howpublished = {\url{https://github.com/BVLC/caffe/wiki/Model-Zoo}}
}
@misc{tfmodelzoo,
  title = {Models and examples built with tensorflow},
  note = {Accessed September 31, 2018},
  howpublished = {\url{https://github.com/tensorflow/models}}
}
@article{de2011projective,
  title={The projective field of a retinal amacrine cell},
  author={de Vries, Saskia EJ and others},
  journal={Journal of Neuroscience},
  volume={31},
  number={23},
  pages={8595--8604},
  year={2011},
  publisher={Soc Neuroscience}
}
@article{le2017receptive,
  title={What are the Receptive, Effective Receptive, and Projective Fields of Neurons in Convolutional Neural Networks?},
  author={Le, Hung and Borji, Ali},
  journal={arXiv preprint arXiv:1705.07049},
  year={2017}
}
@misc{basiccnnoperations,
  title = {Basic operations in a Convolutional Neural Network - CSE@IIT Delhi},
  note = {Accessed September 31, 2018},
  howpublished = {\url{http://www.cse.iitd.ernet.in/~rijurekha/lectures/lecture-2.pptx}}
}
@inproceedings{luo2016understanding,
  title={Understanding the effective receptive field in deep convolutional neural networks},
  author={Luo, Wenjie and others},
  booktitle={Advances in neural information processing systems},
  pages={4898--4906},
  year={2016}
}
@misc{fdaretinopathy,
  title = {AI device for detecting diabetic retinopathy earns swift FDA approval},
  note = {Accessed September 31, 2018},
  howpublished = {\url{https://www.aao.org/headline/first-ai-screen-diabetic-retinopathy-approved-by-f}}
}
@misc{torchvisionmodels,
  title = {torch vison models},
  note = {Accessed September 31, 2018},
  howpublished = {\url{https://github.com/pytorch/vision/tree/master/torchvision/models}}
}
@inproceedings{deng2009imagenet,
  title={Imagenet: A large-scale hierarchical image database},
  author={Deng, Jia and Dong, Wei and others},
  booktitle={Computer Vision and Pattern Recognition, 2009. CVPR 2009. IEEE Conference on},
  pages={248--255},
  year={2009},
  organization={Ieee}
}
@article{kingma2014adam,
  title={Adam: A method for stochastic optimization},
  author={Kingma, Diederik P and Ba, Jimmy},
  journal={arXiv preprint arXiv:1412.6980},
  year={2014}
}
@article{chirkova2012materialized,
  title={Materialized views},
  author={Chirkova, Rada and Yang, Jun and others},
  journal={Foundations and Trends{\textregistered} in Databases},
  volume={4},
  number={4},
  pages={295--405},
  year={2012},
  publisher={Now Publishers, Inc.}
}
@article{gupta1995maintenance,
  title={Maintenance of materialized views: Problems, techniques, and applications},
  author={Gupta, Ashish and Mumick, Inderpal Singh and others},
  journal={IEEE Data Eng. Bull.},
  volume={18},
  number={2},
  pages={3--18},
  year={1995}
}
@inproceedings{levy1995answering,
  title={Answering queries using views},
  author={Levy, Alon Y and Mendelzon, Alberto O and Sagiv, Yehoshua},
  booktitle={Proceedings of the fourteenth ACM SIGACT-SIGMOD-SIGART symposium on Principles of database systems},
  pages={95--104},
  year={1995},
  organization={ACM}
}
@inproceedings{nikolic2014linview,
  title={LINVIEW: incremental view maintenance for complex analytical queries},
  author={Nikolic, Milos and ElSeidy, Mohammed and Koch, Christoph},
  booktitle={Proceedings of the 2014 ACM SIGMOD international conference on Management of data},
  pages={253--264},
  year={2014},
  organization={ACM}
}
@inproceedings{zhao2017incremental,
  title={Incremental View Maintenance over Array Data},
  author={Zhao, Weijie and Rusu, Florin and Dong, Bin and Wu, Kesheng and Nugent, Peter},
  booktitle={Proceedings of the 2017 ACM International Conference on Management of Data},
  pages={139--154},
  year={2017},
  organization={ACM}
}
@article{eger2013restricted,
  title={Restricted weighted integer compositions and extended binomial coefficients},
  author={Eger, Steffen},
  journal={J. Integer Seq},
  volume={16},
  number={13.1},
  pages={3},
  year={2013}
}
@article{sellis1988multiple,
  title={Multiple-query optimization},
  author={Sellis, Timos K},
  journal={ACM Transactions on Database Systems (TODS)},
  volume={13},
  number={1},
  pages={23--52},
  year={1988},
  publisher={ACM}
}
@article{mozafari2017approximate,
  title={Approximate Query Engines},
  author={Mozafari, Barzan},
  year={2017}
}
@inproceedings{park2018verdictdb,
  title={VerdictDB: universalizing approximate query processing},
  author={Park, Yongjoo and Mozafari, Barzan and Sorenson, Joseph and Wang, Junhao},
  booktitle={Proceedings of the 2018 International Conference on Management of Data},
  pages={1461--1476},
  year={2018},
  organization={ACM}
}
@inproceedings{garofalakis2001approximate,
  title={Approximate Query Processing: Taming the TeraBytes.},
  author={Garofalakis, Minos N and Gibbons, Phillip B},
  booktitle={VLDB},
  pages={343--352},
  year={2001}
}
@inproceedings{le2012scalable,
  title={Scalable multi-query optimization for SPARQL},
  author={Le, Wangchao and Kementsietsidis, Anastasios and Duan, Songyun and Li, Feifei},
  booktitle={Data Engineering (ICDE), 2012 IEEE 28th International Conference on},
  pages={666--677},
  year={2012},
  organization={IEEE}
}
@article{adjeroh1997multimedia,
  title={Multimedia database managementâ€”requirements and issues},
  author={Adjeroh, Donald A and Nwosu, Kingsley C},
  journal={IEEE multimedia},
  number={3},
  pages={24--33},
  year={1997},
  publisher={IEEE}
}
@inproceedings{kalipsiz2000multimedia,
  title={Multimedia databases},
  author={Kalipsiz, Oya},
  booktitle={Information Visualization, 2000. Proceedings. IEEE International Conference on},
  pages={111--115},
  year={2000},
  organization={IEEE}
}
@article{kang2017noscope,
  title={NoScope: optimizing neural network queries over video at scale},
  author={Kang, Daniel and Emmons, John and Abuzaid, Firas and Bailis, Peter and Zaharia, Matei},
  journal={Proceedings of the VLDB Endowment},
  volume={10},
  number={11},
  pages={1586--1597},
  year={2017},
  publisher={VLDB Endowment}
}
@article{chetlur2014cudnn,
  title={cudnn: Efficient primitives for deep learning},
  author={Chetlur, Sharan and Woolley, Cliff and Vandermersch, Philippe and Cohen, Jonathan and Tran, John and Catanzaro, Bryan and Shelhamer, Evan},
  journal={arXiv preprint arXiv:1410.0759},
  year={2014}
}