@article{eger2013restricted,
  title={Restricted weighted integer compositions and extended binomial coefficients},
  author={Eger, Steffen},
  journal={J. Integer Seq},
  volume={16},
  number={13.1},
  pages={3},
  year={2013}
}